
@incollection{millican2015savvicode,
  title={SAVVIcode: Preventing Mafia Attacks on Visual Code Authentication Schemes (Short Paper)},
  author={Millican, Jonathan and Stajano, Frank},
  booktitle={Technology and Practice of Passwords},
  pages={146--152},
  year={2015},
  publisher={Springer}
}

@inproceedings{jenkinson2014bought,
  title={I bought a new security token and all I got was this lousy phishâ€”relay attacks on visual code authentication schemes},
  author={Jenkinson, Graeme and Spencer, Max and Warrington, Chris and Stajano, Frank},
  booktitle={Cambridge International Workshop on Security Protocols},
  pages={197--215},
  year={2014},
  organization={Springer}
}

@article{van2014closer,
  title={A closer look at SQRL},
  author={van Dijk, Jos},
  year={2014}
}


